



@article{Enright,
    author  = {Anton J Enright, Bino John, Ulrike Gaul, Thomas Tuschl, Chris Sander and Debora S Marks},
    title   = {MicroRNA targets in Drosophila},
    journal = {Operations Research},
    year    = {2003},
 }
 
 %http://www.ncbi.nlm.nih.gov/pmc/articles/PMC395733/
 
 
 @article{Betel et al, 2010,
    author  = {Doron Betel, Anjali Koppal, Phaedra Agius, Chris Sander, Christina Leslie},
    title   = { Comprehensive modeling of microRNA targets
predicts functional non-conserved and
non-canonical sites},
    journal = {Operations Research},
    year    = {2010},
 }
